@article{marin2019learning,
	title = {Recipe1M+: A Dataset for Learning Cross-Modal Embeddings for Cooking Recipes and Food Images},
	author = {Marin, Javier and Biswas, Aritro and Ofli, Ferda and Hynes, Nicholas and 
	Salvador, Amaia and Aytar, Yusuf and Weber, Ingmar and Torralba, Antonio},
	journal = {{IEEE} Trans. Pattern Anal. Mach. Intell.},
	year = {2019}
}
