@online{1,
	title = {Using AI to identify ingredients and suggest recipes - https://medium.com/@brh373/using-ai-to-identify-ingredients-and-suggest-recipes-95482e2aca7d},
	url = {https://medium.com/@brh373/using-ai-to-identify-ingredients-and-suggest-recipes-95482e2aca7d},
}

@online{2,
	title = {Inverse cooking - https://ai.facebook.com/blog/inverse-cooking/},
	url = {https://ai.facebook.com/blog/inverse-cooking/},
}